# Hint: Most bibtex styles change the title to lowercase
#       (except for the first character).
#       In our opinion, this does not make sense - regardless the language --,
#       since the title is a *quote* and should be printed exactly as in the
#       cited paper.
#       Putting the title in brackets (as shown below) prevents this behaviour.

@book{Fischer:1995,
  author    = "G. Fischer",
  title     = "{Lineare Algebra}",
  year      = "1995",
  publisher = "Friedrich Vieweg \& Sohn Verlagsgesellschaft mbH",
  address   = "Braunschweig / Wiesbaden",
}

@article{Besl:1992,
  author    = "P. Besl and N. McKay",
  title     = "{A Method for Registration of 3-D Shapes}",
  journal   = "IEEE Transactions on Pattern Analysis and Machine Intelligence",
  month     = Feb,
  year      = "1992",
  volume    = "14",
  number    = "2",
  pages     = "239--256"
}

@inproceedings{Thrun:2000,
  author    = "S. Thrun and D. Fox and W. Burgard",
  title     = "{A Real-Time Algorithm for Mobile Robot Mapping With Applications to Multi-Robot and {3D} Mapping}",
  booktitle = "Proceedings of the IEEE International Conference on Robotics and Automation",
  month     = "April",
  year      = "2000",
  pages     = "321--328",
}

@Misc{robocup,
  author    = "RoboCup",
  title     = "{Robot World Cup Soccer Games and Conferences}",
  howpublished = {\url{http://www.robocup.org}},
  year      = "2008"
}

@article{yuan2024uni,
  title={Uni-fusion: Universal continuous mapping},
  author={Yuan, Yijun and Nuechter, Andreas},
  journal={IEEE Transactions on Robotics},
  volume={40},
  pages={1373--1392},
  year={2024},
  publisher={IEEE}
}

@article{beltran2022,  
  author={Beltrán, Jorge and Guindel, Carlos and de la Escalera, Arturo and García, Fernando},  
  journal={IEEE Transactions on Intelligent Transportation Systems},   
  title={Automatic Extrinsic Calibration Method for LiDAR and Camera Sensor Setups},   
  year={2022}, 
  doi={10.1109/TITS.2022.3155228}
}

@book{Fusiello2024,
  title     = {Computer Vision: Three-dimensional Reconstruction Techniques},
  author    = {Fusiello, Andrea},
  year      = {2024},
  publisher = {Springer Cham},
  doi       = {10.1007/978-3-031-34507-4},
  isbn      = {978-3-031-34507-4}
}

@article{beltran2022automatic,
  title={Automatic extrinsic calibration method for lidar and camera sensor setups},
  author={Beltr{\'a}n, Jorge and Guindel, Carlos and De La Escalera, Arturo and Garc{\'\i}a, Fernando},
  journal={IEEE Transactions on Intelligent Transportation Systems},
  volume={23},
  number={10},
  pages={17677--17689},
  year={2022},
  publisher={IEEE}
}

@inproceedings{eidson2002ieee,
  title={IEEE-1588™ Standard for a precision clock synchronization protocol for networked measurement and control systems},
  author={Eidson, John C and Fischer, Mike and White, Joe},
  booktitle={Proceedings of the 34th annual precise time and time interval systems and applications meeting},
  pages={243--254},
  year={2002}
}

@misc{wikipediaPTP,
  author       = {{Wikipedia contributors}},
  title        = {Precision Time Protocol},
  year         = {2025},
  url          = {https://de.wikipedia.org/wiki/Precision_Time_Protocol},
  note         = {Accessed: 14. August 2025}
}

@misc{hpePTP,
  author       = {{Hewlett Packard Enterprise}},
  title        = {What is Precision Time Protocol (PTP)},
  year         = {2023},
  url          = {https://www.hpe.com/de/de/what-is/precision-time-protocol.html},
  note         = {Accessed: 14. August 2025}
}

@misc{material4print2024pla,
  author       = {{Material4Print}},
  title        = {Informationen zum PLA Filament (Polylactide)},
  year         = {2024},
  url          = {https://www.material4print.de/blogs/materialien/informationen-zum-pla-filament-polylactide},
  note         = {Accessed: 26. August 2025}
}

@unpublished{michaelbleier_slides,
  author    = {Bleier, Michael},
  title     = {Advanced Sensory Systems and Sensor Data Processing -- Lidar und Terrain Modeling},
  note      = {Unpublished lecture slides, University of Würzburg, summer semester 2025. Not publicly accessible.},
  year      = {2025}
}

@misc{BNO085ROS2Node,
  author = {Robert Stevenson},
  title = {BNO085-ROS2-Node},
  year = {2025},
  url = {https://github.com/robert-stevenson-1/BNO085-ROS2-Node},
  note = {Accessed: 28. August 2025}
}

@misc{CameraROS,
  author = {Christian Rauch},
  title = {camera\_ros},
  year = {2025},
  url = {https://github.com/christianrauch/camera_ros},
  note = {Accessed: 28. August 2025}
}

@misc{LivoxROS2Driver,
  author = {Livox SDK Team},
  title = {livox\_ros2\_driver},
  year = {2025},
  url = {https://github.com/Livox-SDK/livox_ros2_driver},
  note = {Accessed: 28. August 2025}
}

@misc{FASTCalibROS2,
  author = {Maro Salah},
  title = {FAST-Calib-ROS2},
  year = {2025},
  url = {https://github.com/MaroSalah02/FAST-Calib-ROS2},
  note = {Accessed: 28. August 2025}
}

@article{Zhang2016,
  author    = {Zhengyou Zhang},
  title     = {Iterative Closest Point (ICP)},
  journal   = {Springer Reference Work},
  year      = {2016},
  doi       = {10.1007/978-0-387-31439-6_179},
}

@inproceedings{bleier2024,
  author       = {Michael Bleier and Yufan Yuan and Andreas N{\"u}chter},
  title        = {A handheld stereo vision and LiDAR system for outdoor dense RGB-D mapping using depth map completion based on learned priors},
  booktitle    = {The International Archives of the Photogrammetry, Remote Sensing and Spatial Information Sciences},
  volume       = {XLVIII-2/W8},
  pages        = {31--36},
  year         = {2024},
  publisher    = {Copernicus GmbH},
  doi          = {10.5194/isprs-archives-XLVIII-2-W8-2024-31-2024},
  url          = {https://isprs-archives.copernicus.org/articles/XLVIII-2-W8-2024/31/2024/}
}

@inproceedings{ravanelli2016,
  author       = {Ravanelli, Renzo and Nascetti, Andrea and Crespi, Mattia},
  title        = {3D Reconstruction with RGB-D Cameras: From Low-Cost Systems to Professional Applications},
  booktitle    = {The International Archives of the Photogrammetry, Remote Sensing and Spatial Information Sciences},
  volume       = {XLI-B5},
  pages        = {699--706},
  year         = {2016},
  publisher    = {Copernicus GmbH},
  doi          = {10.5194/isprsarchives-XLI-B5-699-2016},
  url          = {https://isprs-archives.copernicus.org/articles/XLI-B5/699/2016/}
}

@article{ylimaki2018,
  author       = {Ylim{\"a}ki, Markus and Kannala, Juho and Heikkil{\"a}, Janne},
  title        = {Accurate 3D Reconstruction with RGB-D Cameras using Depth Map Fusion and Pose Refinement},
  journal      = {arXiv preprint arXiv:1804.08912},
  year         = {2018},
  url          = {https://arxiv.org/abs/1804.08912}
}

@inproceedings{qiuliDAR2018,
  author       = {Qiu, Jianhui and Wang, Zhaopeng and Li, Yinda and Wang, Yao and Gong, Bo and Yang, Rui and Wang, Jieping},
  title        = {DeepLiDAR: Deep Surface Normal Guided Depth Prediction for Outdoor Scene from Sparse LiDAR Data and Single Color Image},
  booktitle    = {Proceedings of the IEEE/CVF Conference on Computer Vision and Pattern Recognition (CVPR)},
  pages        = {3313--3322},
  year         = {2019},
  doi          = {10.1109/CVPR.2019.00343},
  url          = {https://arxiv.org/abs/1812.00488}
}

@article{fu2020,
  author       = {Fu, Huazhu and Hu, Runmin and Yu, Zhiwei and Li, Mingming and Sun, Xingxing and Wang, Jianqiang},
  title        = {Depth Completion via Inductive Fusion of Planar LIDAR and Monocular Camera},
  journal      = {arXiv preprint arXiv:2009.01875},
  year         = {2020},
  url          = {https://arxiv.org/abs/2009.01875}
}

@unpublished{3dpclecture,
  author    = {Andreas N{\"u}chter},
  title     = {3D Point Cloud Processing -- Introduction to 3D Point Cloud Processing},
  note      = {Unpublished lecture slides, University of Würzburg, winter semester 2024/25. Not publicly accessible.},
  year      = {2024}
}

@inproceedings{behari2025blurred,
  title        = {Blurred LiDAR for Sharper 3D: Robust Handheld 3D Scanning
                  with Diffuse {LiDAR} and {RGB}},
  author       = {Nikhil Behari and Aaron Young and Siddharth Somasundaram and
                  Tzofi Klinghoffer and Akshat Dave and Ramesh Raskar},
  booktitle    = {Proceedings of the IEEE/CVF Conference on Computer Vision and
                  Pattern Recognition (CVPR)},
  year         = {2025},
  pages        = {26954--26964},
  note         = {CVPR Open Access version}  
}

@inproceedings{lin2024lidarmirror,
  title        = {Handheld Mapping of Specular Surfaces using Consumer-Grade
                  Flash LiDAR},
  author       = {Tsung-Han Lin and Connor Henley and Siddharth Somasundaram and
                  Akshat Dave and Moshe Laifenfeld and Ramesh Raskar},
  booktitle    = {{2024 IEEE International Conference on Computational Photography (ICCP)}},
  year         = {2024},
  organization = {IEEE}
}

@inproceedings{ramezani2019newer,
  title        = {The Newer College Dataset: Handheld {LiDAR}, Inertial, and
                  Vision with Ground Truth},
  author       = {Milad Ramezani and others},
  booktitle    = {Proceedings of the International Conference on Robotics,
                  Automation and Systems},
  year         = {2019},
  note         = {Provides centimeter-accurate 6-DoF ground truth for
                  handheld LiDAR--vision benchmarking}
}

@misc{shareS20,
  author       = {{SHARE UAV Technology}},
  title        = {SHARE SLAM S20 Handheld Scanner},
  howpublished = {\url{https://www.shareuavtec.com/S20}},
  note         = {Accessed: 2025-09-02},
}

@inproceedings{mishra2020extrinsic,
  author    = {Subodh Mishra and Gaurav Pandey and Srikanth Saripalli},
  title     = {Extrinsic Calibration of a 3D-LiDAR and a Camera},
  booktitle = {2020 IEEE International Conference on Robotics and Automation (ICRA)},
  year      = {2020},
  pages     = {5553--5559},
  publisher = {IEEE},
  doi       = {10.1109/ICRA40945.2020.9196705}
}

@article{review2024lidarcamera,
  author    = {Yu, Guo and Yan, Lin and Tao, Zhang and others},
  title     = {A Review of Deep Learning-Based LiDAR and Camera Extrinsic Calibration},
  journal   = {Sensors},
  volume    = {24},
  number    = {12},
  pages     = {3878},
  year      = {2024},
  publisher = {MDPI},
  doi       = {10.3390/s24123878},
  url       = {https://www.mdpi.com/1424-8220/24/12/3878}
}

@misc{AdafruitBNO085,
  author       = {Adafruit},
  title        = {Adafruit 9-DOF Orientation IMU Fusion Breakout - BNO085},
  year         = {2020},
  url          = {https://www.adafruit.com/product/4754},
  note         = {Accessed: 02. September 2025}
}

@inproceedings{dexheimer2023learning,
  title={Learning a depth covariance function},
  author={Dexheimer, Eric and Davison, Andrew J},
  booktitle={Proceedings of the IEEE/CVF Conference on Computer Vision and Pattern Recognition},
  pages={13122--13131},
  year={2023}
}

@misc{ros2_jazzy_releases,
  title         = {ROS 2 Documentation: Jazzy},
  url           = {https://docs.ros.org/en/jazzy/Releases.html},
  author        = {Open Robotics},
  year          = {2024},
  urldate       = {2025-09-12},
  note          = {ROS~2 Jazzy distribution releases page}
}

@misc{github_handheld,
  author  = {Wehr, Jakob},
  title   = {Rasberrypi-based LiDAR-CAMERA rig},
  year    = {2025},
  url     = {https://github.com/jakob2907/rasberrypi-based-LiDAR-CAMERA-rig},
  note    = {Accessed: 2025-09-16}
}

